<record><leader>00000cas a22000007a 4500</leader><controlfield tag="001">14508158</controlfield><controlfield tag="008">861023d18821887inuwr ne      0    0eng d</controlfield><datafield ind1=" " ind2=" " tag="010"><subfield code="a">sn 86058795 </subfield></datafield><datafield ind1=" " ind2=" " tag="040"><subfield code="a">NPI</subfield><subfield code="b">eng</subfield><subfield code="c">NPI</subfield><subfield code="d">OCLCQ</subfield></datafield><datafield ind1=" " ind2=" " tag="042"><subfield code="a">msc</subfield></datafield><datafield ind1="0" ind2=" " tag="130"><subfield code="a">Warren weekly news (Warren, Ind. : 1882)</subfield></datafield><datafield ind1="1" ind2="4" tag="245"><subfield code="a">The Warren weekly news.</subfield></datafield><datafield ind1=" " ind2=" " tag="260"><subfield code="a">Warren, Huntington Co[unty], Ind. :</subfield><subfield code="b">J.W. Surran,</subfield><subfield code="c">1882-</subfield></datafield><datafield ind1=" " ind2=" " tag="300"><subfield code="a">v. :</subfield><subfield code="b">ill.</subfield></datafield><datafield ind1=" " ind2=" " tag="310"><subfield code="a">Weekly</subfield></datafield><datafield ind1="0" ind2=" " tag="362"><subfield code="a">Vol. 4, no. 10 [i.e. 4] (Feb. 2, 1882)-</subfield></datafield><datafield ind1=" " ind2=" " tag="752"><subfield code="a">United States</subfield><subfield code="b">Indiana</subfield><subfield code="c">Huntington</subfield><subfield code="d">Warren.</subfield></datafield><datafield ind1="0" ind2="0" tag="780"><subfield code="t">Warren news (Warren, Ind. : 1878)</subfield><subfield code="w">(DLC)sn 86058792</subfield><subfield code="w">(OCoLC)14508133</subfield></datafield><datafield ind1="0" ind2="0" tag="785"><subfield code="t">Warren news (Warren, Ind. : 1888)</subfield><subfield code="w">(DLC)sn 86058796</subfield><subfield code="w">(OCoLC)14508180</subfield></datafield></record>